@STRING{lsp={Language Science Press} }
@STRING{eotms	= {Empirically Oriented Theoretical Morphology and Syntax}}



@book{HPSGHandbook,
	address = {Berlin},
	booktitle = {{Head-Driven Phrase Structure Grammar: The} Handbook},
	doi = {10.5281/zenodo.5543318},
	editor = {Stefan Müller and Anne Abeillé and Borsley, Robert D. and Jean-Pierre Koenig},
	number = {9},
	publisher = lsp,
	series = eotms,
	title = {{Head-Driven Phrase Structure Grammar: The} Handbook},
	year = {2021}}



@article{BC99a,
	authauthor = {Ted Briscoe and Ann Copestake},
	author = {Ted J. Briscoe and Ann Copestake},
	checked = {stmue 2021},
	date-modified = {2021-01-29 21:08:12 +0100},
	ids = {BriscoeandCopestake1999},
	journal = {Computational Linguistics},
	number = {4},
	pages = {487--526},
	title = {Lexical Rules in Constraint"=Based Grammar},
	url = {http://www.aclweb.org/anthology/J99-4002},
	urldate = {2021-02-10},
	volume = {25},
	year = {1999}}


@article{Meurers2001a,
	authauthor = {Detmar Meurers},
	author = {Meurers, W. Detmar},
	checked = {stmue 2021},
	date-modified = {2021-06-13 16:41:16 +0200},
	doi = {10.1080/033258601753358605},
	ids = {Meurers2001,Meurers02},
	journal = {Nordic Journal of Linguistics},
	number = {2},
	pages = {161--217},
	removesortname = {Detmar Meurers},
	title = {On Expressing Lexical Generalizations in {HPSG}},
	volume = {24},
	year = {2001}}


@inproceedings{Arcodiaetal2014,
address = {Bordeaux},
author = {Arcodia, Giorgio Francesco and Basciano, Bianca and Melloni, Chiara},
booktitle = {{Proceedings of the {D}{\'{e}}cembrettes 8th International Conference on Morphology}},
optseries = {({Carnets de Grammaire})},
editor = {Augendre, Sandra and Couasnon-Torlois, Graziella and Lebon, D{\'{e}}borah and Cl{\'{e}}ment, Michard and Boy{\'{e}}, Gilles and Montermini, Fabio},
pages = {15--45},
publisher = {CLLE-ERSS},
title = {Verbal reduplication in {S}initic},
year = {2014},
optvolume = {22},
url={https://iris.unive.it/retrieve/handle/10278/39972/85072/carnGram22.23-53.pdf},
urldate={2020-08-02}
}

@article{BascianoMelloni2017,
author = {Basciano, Bianca and Melloni, Chiara},
issn = {11202726},
journal = {Italian Journal of Linguistics},
number = {1},
pages = {143--166},
title = {Event delimitation in {M}andarin: {T}he case of diminishing reduplication},
volume = {29},
year = {2017},
doi = {10.26346/1120-2726-106}
}

@book{Ramchand2008,
address={Cambridge}, 
series={Cambridge Studies in Linguistics},
number= {116}, 
title={Verb Meaning and the Lexicon: {A} {F}irst {P}hase {S}yntax}, 
publisher={Cambridge University Press}, 
author={Ramchand, Gillian Catriona}, 
year={2008}, 
DOI={10.1017/CBO9780511486319}
}


@article{Smith1994,
author = {Smith, Carlota S.},
journal = {Journal of East Asian Linguistics},
pages = {107--146},
title = {Aspectual Viewpoint and Situation Type in {M}andarian {C}hinese},
volume = {3},
year = {1994}
}

@article{Smith1990,
author = {Smith, Carlota S.},
doi = {10.1515/ling.1990.28.2.309},
issn = {1613396X},
journal = {Linguistics},
number = {2},
pages = {309--336},
title = {{Event types in Mandarin}},
volume = {28},
year = {1990}
}

@book{Smith1991,
series = {Studies in Linguistics and Philosophy},
number = {43},
booktitle = {The parameter of aspect},
isbn = {0792311361},
year = {1991},
title = {The parameter of aspect},
address = {Dordrecht},
author = {Smith, Carlota S.},
keywords = {Grammar, Comparative and general},
publisher = {{Kluwer Academic Publishers}}
}


@book{XiaoMcEnery2004,
address = {Amsterdam},
author = {Xiao, Richard and McEnery, Tony},
booktitle = {Aspect in {M}andarin {C}hinese: {A} corpus-based study},
title = {Aspect in {M}andarin {C}hinese: {A} corpus-based study},
publisher = {John {B}enjamins},
series = {Studies in Language Companion Series},
number = 73,
year = {2004},
doi = {10.1075/slcs.73}
}

@article{Li1998,
author = {Li, Yuming},
journal = {Zhongguo Yuwen [Studies of the Chinese Language]},
volume = {2},
pages = {83--92},
title = {Dongci chongdie de ruogan jufa wenti [{S}ome syntactic issues on verbal reduplication]},
year = {1998}
}

@inproceedings{YangWei2017,
address = {Cambridge, MA},
author = {Yang, Yifan and Wei, Wei},
booktitle = {Proceedings of {GLOW} in {Asia XI}},
editor = {Erlewine, Michael Yoshitaka},
pages = {227--242},
publisher = {MIT Working Papers in Linguistics},
title = {Verbal Reduplication in {M}andarin {C}hinese: {A}n Analysis at the syntax-phonology interface},
volume = {1},
year = {2017},
url = {https://glowlinguistics.org/asia11/wp-content/uploads/sites/3/2017/11/v1-yang-wei.pdf},
urldate = {2020-08-26}
}

@book{Zhu1982,
author = {Zhu, Dexi},
title = {Yufa jiangyi [Lecture notes on grammar]},
year = {1982},
address = {Beijing},
publisher = {The Commercial Press}
}

@article{Fan1964,
author = {Fan, Fanglian},
journal = {Zhongguo Yuwen [Studies of the Chinese Language]},
volume = {4},
pages = {264--278},
title = {{Shi lun suowei ``dongci chongdie'' [A tentative analysis of the so-called ``verbal reduplication'']}},
year = {1964}
}

@article{Zhang2000,
author = {Zhang, Cheng},
journal = {Yuyan Jiaoxue yu Yanjiu [Language Teaching and Linguistic Studies]},
volume = {4},
pages = {10--17},
title = {{Xiandai hanyu ``VyiV'' shi he ``VV'' shi de laiyuan [The origin of the ``V-yi-V'' and ``VV'' forms in modern Chinese]}},
year = {2000}
}

@book{Chao1968,
booktitle = {A Grammar of Spoken {C}hinese},
year = {1968},
title = {A Grammar of Spoken {C}hinese},
address = {Berkeley, CA},
author = {Chao, Yuen Ren},
publisher = {University of California Press}
}

@book{LiThompson1981,
booktitle = {{M}andarin {C}hinese: {A} functional reference grammar},
isbn = {0520042867},
year = {1981},
title = {{M}andarin {C}hinese: {A} functional reference grammar},
address = {Berkeley, CA},
author = {Li, Charles N. and Thompson, Sandra A.},
keywords = {Chinese language},
publisher = {University of California Press}
}

@incollection{Tsao2001,
  title={Semantics and syntax of verbal and adjectival reduplication in {M}andarin and {T}aiwanese {S}outhern {M}in},
  author={Tsao, Feng-fu},
  booktitle={{S}initic grammar: {S}ynchronic and diachronic perspectives},
  editor = {Chappell, Hilary},
  pages = {285--308},
  year = {2001},
  address = {Oxford},
  publisher={Oxford University Press}
}

@article{Xie2020,
author = {Xie, Zhu},
journal = {Studies in Chinese Linguistics},
number = {1},
pages = {73--108},
title = {Two Types of Verb Reduplications in {M}andarin {C}hinese},
volume = {41},
year = {2020},
doi = {10.2478/scl-2020-0003}
}

@incollection{MelloniBasciano2018,
address = {Berlin},
author = {Melloni, Chiara and Basciano, Bianca},
isbn = {9783961101108},
publisher = {Language Science Press},
editor = {Bonami, Olivier and Boyé, Gilles and Dal, Georgette and Giraudo, Hélène and Namer, Fiammetta},
booktitle = {The lexeme in descriptive and theoretical morphology},
title = {Reduplication across boundaries: {T}he case of {M}andarin},
pages = {325--363},
year = {2018},
doi = {10.5281/zenodo.1407013}
}

@article{Xiong2016,
author = {Xiong, Zhongru},
journal = {Shijie Hanyu Jiaoxue [Chinese Teaching in the World]},
number = {2},
pages = {156--169},
title = {{Dongci chongdie de jufa fenxi [A syntactic analysis of verbal reduplication]}},
volume = {30},
year = {2016},
doi = {10.13724/j.cnki.ctiw.2016.02.002}
}

@article{Hong1999,
address = {Toronto},
author = {Hong, Zhou},
journal = {Toronto Working Papers in Linguistics},
pages = {263--284},
title = {Cognate objects in {C}hinese},
volume = {17},
year = {1999},
publisher = {Department of Linguistics, University of Toronto},
url = {https://twpl.library.utoronto.ca/index.php/twpl/article/view/6265},
urldate = {2020-09-28}
}

@incollection{Paris2013,
address = {Taipei, Taiwan},
author = {Paris, Marie-Claude},
booktitle = {Breaking Down the Barriers: {I}nterdisciplinary Studies in {C}hinese Linguistics and Beyond},
editor = {Cao, Guangshun and Chappell, Hilary and Djamouri, Redouane and Wiebusch, Thekla},
isbn = {978-986-03-7678-4},
pages = {257--278},
publisher = {Institute of Linguistics, Academia Sinica},
title = {Verbal reduplication and verbal classifiers in {C}hinese},
volume = {1},
year = {2013},
url = {http://www.ling.sinica.edu.tw/Files/LL/Docments/Monographs/Breaking%20Down%20the%20Barriers/Volume%201/12-Paris.pdf},
urldate = {2020-08-02}
}

@book{Huangetal2009,
address={Cambridge}, 
series={Cambridge Syntax Guides}, 
title={The Syntax of {C}hinese},  
publisher={Cambridge University Press}, 
author={Huang, C.-T. James and Li, Y.-H. Audrey and Li, Yafei}, 
year={2009}, 
collection={Cambridge Syntax Guides},
DOI={10.1017/CBO9781139166935}
}

@article{Tsai2008,
author = {Tsai, Wei-Tien Dylan},
issn = {00243841},
journal = {Lingua},
number = {5},
pages = {675--686},
title = {Tense anchoring in {C}hinese},
volume = {118},
year = {2008},
doi = {10.1016/j.lingua.2007.09.002}
}

@article{Lin2002,
author = {Lin, Jo-wang},
issn = {00243841},
journal = {Lingua},
number = {3},
pages = {271--302},
title = {Selectional restrictions of tenses and temporal reference of {C}hinese bare sentences},
volume = {113},
year = {2002},
doi = {10.1016/S0024-3841(02)00089-X}
}

@inproceedings{Travis1999,
address = {Toronto},
author = {Travis, Lisa deMena},
booktitle = {Proceedings of the sixth meeting of the {A}ustronesian {F}ormal {L}inguistics {A}ssociation ({AFLA VI})},
editor = {Smallwood, Carolyn and Kitto, Catherine},
pages = {313--331},
publisher = {Department of Linguistics, University of Toronto},
title = {A syntactician's view of reduplication},
url = {https://twpl.library.utoronto.ca/index.php/twpl/article/view/6295},
urldate = {2020-10-22},
year = {1999}
}

@inproceedings{Travis1999-short,
address = {Toronto},
author = {Travis, Lisa deMena},
booktitle = {Proceedings of {AFLA VI}},
editor = {Smallwood, Carolyn and Kitto, Catherine},
pages = {313--331},
publisher = {Department of Linguistics, University of Toronto},
title = {A syntactician's view of reduplication},
url = {https://twpl.library.utoronto.ca/index.php/twpl/article/view/6295},
urldate = {2020-10-22},
year = {1999}
}


@incollection{Travis2000,
  title={Event structure in syntax},
  author={Travis, Lisa deMena},
  booktitle={Events as grammatical objects: {T}he converging perspectives of lexical semantics and syntax},
  editor = {Tenny, Carol L. and Pustejovsky, James},
  series = {{CSLI} Lecture Notes},
  number = 100,
  pages={145--185},
  year={2000},
  publisher = {{CSLI Publications}},
  address = {Stanford, CA}
}

@incollection{Travis2000-short,
  title={Event structure in syntax},
  author={Travis, Lisa deMena},
  booktitle={Events as grammatical objects},
  editor = {Tenny, Carol L. and Pustejovsky, James},
  series = {{CSLI} Lecture Notes},
  number = 100,
  pages={145--185},
  year={2000},
  publisher = {{CSLI Publications}},
  address = {Stanford}
}


@inproceedings{Travis2001,
address = {Amherst, MA},
author = {Travis, Lisa deMena},
booktitle = {Proceedings of the {North East Linguistics Society (NELS)}},
editor = {Kim, Minjoo and Strauss, Uri},
volume = {31},
number = {2},
pages = {454--469},
publisher = {Graduate Linguistics Students Association (GLSA), University of Massachusetts Amherst},
title = {The syntax of reduplication},
year = {2001},
url = {https://scholarworks.umass.edu/nels/vol31/iss2/14},
urldate = {2020-09-12}
}

@inproceedings{Travis2001-short,
address = {Amherst},
author = {Travis, Lisa deMena},
booktitle = {Proceedings of {NELS}},
opteditor = {Kim, Minjoo and Strauss, Uri},
optvolume = {31},
number = {2},
pages = {454--469},
optpublisher = {Graduate Linguistics Students Association (GLSA), University of Massachusetts Amherst},
title = {The syntax of reduplication},
year = {2001},
url = {https://scholarworks.umass.edu/nels/vol31/iss2/14},
urldate = {2020-09-12}
}


@inproceedings{Travis2003,
address = {Montr{\'{e}}al},
author = {Travis, Lisa deMena},
booktitle = {Proceedings of the {Annual Conference of the Canadian Linguistic Association (CLA)}},
pages = {236--247},
publisher = {Universit{\'{e}} du Qu{\'{e}}bec {\`{a}} Montr{\'{e}}al},
title = {Reduplication feeding syntactic movement},
url = {http://homes.chass.utoronto.ca/~cla-acl/2003/Travis.pdf},
year = {2003},
editor = {Burelle, Sophie and Somesfalean, Stanca},
urldate = {2020-09-12}
}

@article{Travis1988,
address = {Montr{\'{e}}al},
author = {Travis, Lisa deMena},
editor = {Shaer, Benjamin},
pages = {280--310},
journal = {McGill Working Papers in Linguistics: Special Issue on Comparative Germanic Syntax},
title = {The Syntax of Adverbs},
url = {http://people.linguistics.mcgill.ca/~lisa.travis/papers/adverbs1988Travis.pdf},
volume = {6},
number = {1},
year = {1988},
urldate = {2021-01-14}
}


@article{Davies2000,
author = {Davies, William D.},
doi = {10.2307/3623219},
issn = {00298115},
journal = {Oceanic Linguistics},
number = {1},
pages = {123--143},
title = {Events in {M}adurese reciprocals},
volume = {39},
year = {2000}
}

@article{Ghomeshietal2004,
author = {Ghomeshi, Jila and Jackendoff, Ray and Rosen, Nicole and Russell, Kevin},
journal = {Natural Language {\&} Linguistic Theory},
number = {2},
pages = {307--357},
title = {Contrastive Focus Reduplication in {E}nglish (The Salad-Salad Paper)},
volume = {22},
year = {2004},
doi = {10.1023/B:NALA.0000015789.98638.f9}
}

@book{Jackendoff1997,
  title={The architecture of the language faculty},
  author={Jackendoff, Ray},
  year={1997},
  publisher={MIT Press},
  address = {Cambridge, MA},
  series = {Linguistic Inquiry Monographs},
  number = {28},
}

@book{Jackendoff2002,
address = {Oxford},
author = {Jackendoff, Ray},
isbn = {9780198270126},
publisher = {Oxford University Press},
title = {Foundations of Language: {B}rain, Meaning, Grammar, Evolution},
year = {2002},
doi = {10.1093/acprof:oso/9780198270126.001.0001},
}

@phdthesis{Richards1997,
author = {Richards, {Norvin W., III}},
school = {MIT},
title = {What moves where in which language?},
type = {Dissertation},
url = {https://dspace.mit.edu/bitstream/handle/1721.1/10236/38529295-MIT.pdf?sequence=2},
urldate = {2020-12-06},
year = {1997}
}

@incollection{Inkelas2005,
address = {Berlin, New York},
author = {Inkelas, Sharon},
booktitle = {Studies on Reduplication},
editor = {Hurch, Bernhard},
isbn = {9783110911466},
pages = {65--88},
publisher = {De Gruyter Mouton},
title = {{Morphological Doubling Theory: Evidence for morphological doubling in reduplication}},
year = {2005},
doi = {10.1515/9783110911466.65},
}

@phdthesis{Dai1992,
isbn = {061239378X},
author = {Dai, Xiang-ling},
school = {Ohio State University},
title = {{Chinese} morphology and its interface with the syntax},
opttype = {Dissertation},
year = {1992},
url = {https://etd.ohiolink.edu/apexprod/rws_etd/send_file/send?accession=osu1487777901660569&disposition=inline},
urldate = {2020-08-02}
}

@inproceedings{Tao2009,
address = {Smithfield, RI},
author = {Tao, Liang},
booktitle = {{Proceedings of the 21st North American Conference on Chinese Linguistics (NACCL-21)}},
editor = {Xiao, Yun},
pages = {209--228},
publisher = {Bryant University},
title = {Serial {V}erb {C}onstruction in {M}andarin {C}hinese: {T}he interface of syntax and semantics},
url = {http://naccl.osu.edu/sites/naccl.osu.edu/files/NACCL-21_Vol._2--Liang_Tao--pp._209-228.pdf},
urldate = {2020-12-18},
volume = {2},
year = {2009}
}

@article{Schaefer2009,
author = {Sch{\"{a}}fer, Martin},
issn = {1750-1245},
journal = {Word Structure},
number = {2},
pages = {272--293},
title = {{A+N} constructions in {M}andarin and the ‘compound vs.\ phrase' debate},
volume = {2},
year = {2009},
doi = {10.3366/E1750124509000452}
}

@article{Huang1984,
author = {Huang, C.-T. James},
journal = {Journal of Chinese Language Teachers Association},
number = {2},
pages = {53--78},
title = {Phrase structure, lexical integrity, and {C}hinese compounds},
url = {https://scholar.harvard.edu/files/ctjhuang/files/1984.lexical.integrity.pdf?m=1443058311},
urldate={2020-12-18},
volume = {12},
year = {1984}
}

@incollection{Duanmu1998,
address = {Berlin},
author = {Duanmu, San},
booktitle = {New approaches to {C}hinese word formations},
editor = {Packard, Jerome L.},
pages = {135--196},
publisher = {De Gruyter Mouton},
title = {Wordhood in {C}hinese},
year = {1998},
doi = {10.1515/9783110809084.135},
}


@inproceedings{MuellerLipenkova2013,
	Address = {Taipei},
	Author = {M{\"u}ller, Stefan and Lipenkova, Janna},
	Booktitle = {Proceedings of the 27th {Pacific Asia Conference on Language, Information, and Computation} ({PACLIC} 27)},
	Pages = {240--249},
	Publisher = {Department of English, National Chengchi University},
	Title = {{ChinGram}: {A} {TRALE} Implementation of an {HPSG} Fragment of {Mandarin Chinese}},
    editor = {Lai, Huei-ling and Chui, Kawai},
	url = {https://www.aclweb.org/anthology/Y13-1023.pdf},
	urldate = {2020-07-01},
	Year = {2013}}


@inproceedings{MuellerLipenkova2009,
  author      = {M{\"u}ller, Stefan and Lipenkova, Janna},
  title       = {Serial Verb Constructions in {Chinese}: {A}n {HPSG} Account},
  url         = {http://cslipublications.stanford.edu/HPSG/2009/mueller-lipenkova.pdf},
  urldate =	{2020-07-01},
  pages       = {234--254},
  booktitle   =	{{Proceedings of the 16th International Conference on Head-Driven Phrase Structure Grammar, University of G{\"o}ttingen, Germany}},
  editor      =	{M{\"u}ller, Stefan},
  address     =	{Stanford, CA},
  publisher   =	{CSLI Publications},
  year	      =	{2009},
}


@inproceedings{Crysmann2009,
    title = {Autosegmental representations in an {HPSG} of {H}ausa},
    author = {Crysmann, Berthold},
    booktitle = {Proceedings of the 2009 Workshop on Grammar Engineering Across Frameworks ({GEAF} 2009)},
    year = {2009},
    address = {Suntec, Singapore},
    publisher = {Association for Computational Linguistics},
    url = {https://www.aclweb.org/anthology/W09-2604},
    urldate = {2021-01-06},
    pages = {28--36},
    doi = {10.3115/1690359.1690363}
}

@book{Duanmu2007,
series = {Phonology of the world's languages},
publisher = {Oxford University Press},
booktitle = {The phonology of standard Chinese},
year = {2007},
title = {The phonology of standard Chinese},
edition = {2nd ed.},
language = {eng},
address = {Oxford ; New York},
author = {Duanmu, San},
keywords = {Chinese language},
}

@article{Duanmu1999,
author = {Duanmu, San},
doi = {10.1023/A:1008353028173},
issn = {09258558},
journal = {Journal of East Asian Linguistics},
number = {1},
pages = {1--38},
title = {{Metrical structure and tone: Evidence from Mandarin and Shanghai}},
volume = {8},
year = {1999}
}

@incollection{Duanmu2014,
address = {Hoboken, USA},
author = {Duanmu, San},
booktitle = {The Handbook of Chinese Linguistics},
chapter = {15},
doi = {10.1002/9781118584552.ch16},
editor = {Huang, C.‐T. James and Li, Y.‐H. Audrey and Simpson, Andrew},
issn = {00978507},
month = {feb},
pages = {422--442},
publisher = {John Wiley {\&} Sons, Inc.},
title = {{Syllable Structure and Stress}},
year = {2014}
}

@phdthesis{Yip1980,
author = {Yip, Moira Jean Winsland},
school = {MIT},
title = {{The tonal phonology of Chinese}},
type = {Dissertation},
url = {http://dspace.mit.edu/handle/1721.1/15971},
urldate = {2021-01-06},
year = {1980}
}

@article{Chen2001,
author = {{\disambiguate{Chen, Qianrui}{Q.}{Chen}}},
journal = {Yuyan Jiaoxue yu Yanjiu [Language Teaching and Linguistic Studies]},
number = {4},
pages = {48--56},
title = {{Dongci chongdie de qingzhuang tezheng ji qi ti de diwei [The situational features of Chinese verbal reduplication and its aspectual status]}},
year = {2001}
}

@article{Chen2005,
author = {{\disambiguate{Chen, Limin}{L.}{Chen}}},
journal = {Zhongguo Yuwen [Studies of the Chinese Language]},
number = {2},
pages = {110--191},
title = {{Lun dongci chongdie de yufa yiyi [On the grammatical meaning of verbal reduplication]}},
volume = {305},
year = {2005}
}

@article{Zhanetal2019,
author = {Zhan, Weidong and Guo, Rui and Chang, Baobao and Chen, Yirong and Chen Long},
year = {2019},
title = {Beijing {D}axue {CCL} yuliaoku de yanzhi [{T}he building of the {CCL} corpus: {I}ts design and implementation]},
journal = {Yuliaoku Yuyanxue [Corpus Linguistics]},
volume = {6},
number = {1},
pages = {71-86}
}

@misc{Zhanetal2003,
author = {Zhan, Weidong and Guo, Rui and Chen, Yirong},
year = {2003},
title = {Beijing {D}axue {Z}hongguo {Y}uyanxue {Y}anjiu {Z}hong\-xin {CCL} yuliaoku ({G}uimo: 7 yi zi; shijian: gongyuanqian 11 shiji - dangdai)[{T}he {CCL} Corpus of {C}hinese Texts: 700 million {C}hinese Characters, the 11th {C}entury {B.C.} -- present]},
url = {http://ccl.pku.edu.cn:8080/ccl_corpus}
}

@book{Mueller2020,
address = {Berlin},
author = {M{\"{u}}ller, Stefan},
doi = {10.5281/zenodo.3992307},
edition = {4th revised and extended edn.},
isbn = {978-3-96110-273-0},
publisher = {Language Science Press},
title = {{Grammatical Theory: From transformational grammar to constraint-based approaches}},
year = {2020},
Series = {Textbooks in Language Sciences},
Number = {1}
}

@book{Mueller2013,
  author      =	{M{\"u}ller, Stefan},
  title	      =	{{Head-Driven Phrase Structure Grammar: Eine Einf{\"u}hrung}},
  edition     = {3},
  series      = {Stauffenburg Einf{\"u}hrungen},
  number      = 17,
  publisher   =	{Stauffenburg Verlag},
  address     =	{T{\"u}bingen},
  year	      =	2013
}

@book{Saussure1916,
series = {De-Gruyter-Studienbuch},
booktitle = {{Grundfragen der allgemeinen Sprachwissenschaft}},
isbn = {3110170159},
year = {1961},
title = {{Grundfragen der allgemeinen Sprachwissenschaft}},
edition = {3rd edn. 2001},
address = {Berlin},
author = {{de} Saussure, Ferdinand},
editor = {Bally, Charles},
publisher = {De Gruyter Mounton}
}

@misc{LeipzigGloss,
author = {Comrie, Bernard and Haspelmath, Martin and Bickel, Balthasar},
year = {2015},
title = {Leipzig Glossing Rules: Conventions for interlinear morpheme-by-morpheme glosses
},
url = {https://www.eva.mpg.de/lingua/resources/glossing-rules.php}
}

@incollection{Liao2014,
address = {Hoboken, NJ},
author = {Liao, Wei-Wen Roger},
booktitle = {The Handbook of {C}hinese Linguistics},
editor = {Li, Y.-H. Audrey and Simpson, Andrew and Huang, C.-T. James},
isbn = {9781118584385},
pages = {3--25},
publisher = {Wiley},
title = {{Morphology}},
year = {2014},
doi = {10.1002/9781118584552.ch1}
}

@inproceedings{FanSongBond2015,
address = {Stanford, CA},
author = {Fan, Zhenzhen and Song, Sanghoun and Bond, Francis},
booktitle = {{Proceedings of the 22nd International Conference on Head-Driven Phrase Structure Grammar, Nanyang Technological University (NTU), Singapore}},
editor = {M{\"{u}}ller, Stefan},
pages = {96--109},
publisher = {CSLI Publications},
title = {{Building Zhong, a Chinese HPSG Shared-Grammar}},
url = {http://cslipublications.stanford.edu/HPSG/2015/fsb.pdf},
year = {2015},
urldate = {2021-05-12}
}

@phdthesis{Yang1995,
author = {Yang, Suying},
keywords = {Chinese language,Semantics},
school = {University of Victoria},
title = {{The aspectual system of Chinese}},
type = {Dissertation},
url = {http://dspace.library.uvic.ca/handle/1828/9443},
year = {1995},
urldate = {2021-05-05}
}

@article{Yang2003,
author = {Yang, Ping},
journal = {Yuyan Jiaoxue yu Yanjiu [Language Teaching and Linguistic Studies]},
number = {5},
pages = {8--16},
title = {{Dongci chongdie de jiben yiyi [The basic function of verb reduplication in Chinese Language]}},
year = {2003}
}

@article{Liu2012,
author = {Liu, Danqing},
journal = {Fangyan [Dialect]},
number = {1},
pages = {1--11},
title = {{Yuansheng chongdie he cisheng chongdie: Chongdieshi lishi laiyuan de duoyangxing [Primary and seconday reduplications: Multiple diachronic sources of reduplicatie forms]}},
year = {2012}
}

@article{Li1996,
author = {Li, Yuming},
journal = {Shijie Hanyu Jiaoxue [Chinese Teaching in the World]},
number = {1},
pages = {10--19},
title = {{Lun ciyu chongdie de yiyi [On the meaning of reduplication]}},
volume = {35},
year = {1996}
}

@article{Zhu1998,
author = {Zhu, Jingsong},
journal = {Zhongguo Yuwen [Studies of the Chinese Language]},
number = {5},
pages = {378--386},
title = {Dongci chongdieshi de yufa yiyi [{T}he semantics of verbal reduplication]},
volume = {266},
year = {1998}
}

@article{Qian2000,
author = {Qian, Nairong},
journal = {Yuyan Jiaoxue yu Yanjiu [Language Teaching and Linguistic Studies]},
number = {4},
pages = {1--9},
title = {{Xiandai hanyu de fanfuti [Frequentative aspect in Modern Chinese]}},
year = {2000}
}

@article{Xu2002,
author = {Xu, Lianxiang},
journal = {Zhongguo Yuwen [Studies of the Chinese Language]},
number = {2},
pages = {118--122},
title = {{Dongci chongdieshi VV yu V-yi-V de yuyong chabie [Pragmatic differences between VV and V-yi-V verbal reduplication]}},
volume = {287},
year = {2002}
}

@article{Xing2000,
author = {{\disambiguate{Xing, Fuyi}{F.}{Xing}}},
journal = {Zhongguo Yuwen [Studies of the Chinese Language]},
number = {5},
pages = {420--432},
title = {{Shuo ``V yi V'' [Note on ``V yi V'']}},
volume = {278},
year = {2000}
}

@book{Dai1997,
author = {Dai, Yaojing},
booktitle = {Xiandai hanyu shiti xitong yanjiu [{S}tudies on the tense and aspect system of {Modern Chinese}]},
title = {Xiandai hanyu shiti xitong yanjiu [{S}tudies on the tense and aspect system of {Modern Chinese}]},
year = {1997},
publisher = {Zhejiang Education Publishing Group},
address = {Hangzhou}
}

@incollection{Boogaart2004,
series = {Handb{\"{u}}cher zur Sprach- und Kommunikationswissenschaft (HSK) 17/2},
address = {Berlin, New York},
author = {Boogaart, Ronny},
booktitle = {{Morphologie: Ein internationales Handbuch zur Flexion und Wortbildung}},
doi = {10.1515/9783110172782.2.14.1165},
edition = {2. Halbband},
editor = {Booij, Geert and Lehmann, Christian and Mugdan, Joachim and Skopeteas, Stavros and Kesselheim, Wolfgang},
pages = {1165--1180},
publisher = {De Gruyter Mouton},
title = {{Aspect and Aktionsart}},
year = {2004}
}

@phdthesis{Fan2019,
author = {Fan, Zhenzhen},
doi = {10.32657/10220/48021},
school = {Nanyang Technological University},
title = {{Building an HPSG Chinese grammar (Zhong)}},
type = {Dissertation},
year = {2019}
}

@incollection{Sui2018,
author = {Sui, Yanyan},
booktitle = {Exact Repetition in Grammar and Discourse},
doi = {10.1515/9783110592498-006},
series = {Trends in Linguistics, Studies and Monographs (TiLSM)},
number = {323},
editor = {Finkbeiner, Rita and Freywald, Ulrike},
isbn = {9783110592498},
pages = {127--157},
publisher = {De Gruyter Mouton},
title = {{Affixation or compounding? Reduplication in Standard Chinese}},
year = {2018}
}

@book{Mengetal1999,
author = {Meng, Cong and Zheng, Huaide and Meng, Qinghai and Cai, Wenlan},
year = {1999},
booktitle = {Hanyu dongci yongfa cidian [{T}he dictionary of {C}hinese verb usage]},
title = {Hanyu dongci yongfa cidian [{T}he dictionary of {C}hinese verb usage]},
address = {Beijing},
publisher = {The Commercial Press}
}

@article{Xing2000stat,
author = {{\disambiguate{Xing, Hongbing}{H.}{Xing}}},
journal = {Yuyan Jiaoxue yu Yanjiu [Language Teaching and Linguistic Studies]},
number = {1},
title = {Hanyu ciyu chongdie jiegou tongji fenxi [{S}tatistical analysis on Reduplication {Modern Chinese} words]},
year = {2000},
pages = {32--37}
}

@article{Cheng2012,
author = {Cheng, Yi-Yang},
doi = {10.3765/bls.v38i0.3321},
journal = {Annual Meeting of the Berkeley Linguistics Society},
pages = {63--77},
title = {Verbal Reduplication and Grammaticalization: {A} Study of {Mandarin VV-kan and V-kankan} Constructions},
volume = {38},
year = {2012}
}

@article{Her1996,
author = {Her, One-Soon},
doi = {10.1515/ling.1996.34.4.733},
issn = {0024-3949},
journal = {Linguistics},
number = {4},
pages = {733--751},
title = {{Variation of the VO construction in Chinese: {A} synchronic account}},
volume = {34},
year = {1996}
}

@book{Her2010,
address = {Taipei},
author = {Her, One-Soon},
edition = {Revised edn.},
issn = {957-9463-97-2},
publisher = {Crane Publishing},
title = {{Interaction and variation in the Chinese VO construction}},
url = {http://www3.nccu.edu.tw/~osh/publication/D07-Interaction-REV.pdf},
year = {2010},
urldate = {2021-02-09}
}

@article{Wang2008,
author = {Wang, Yongna},
journal = {Yuyan Kexue [Linguistic Sciences]},
number = {6},
pages = {636--646},
title = {{Tan yunl{\"u}, yuti dui hanyu biao duanshiti de dongci chongdie de zhiyue [Prosodic and stylistic constraint upon verb's reduplication V.V]}},
volume = {7},
year = {2008}
}

@phdthesis{Liu1997,
author = {Liu, Gang},
school = {Universit{\"{a}}t Konstanz},
title = {{Eine unifikations-basierte Grammatik für das moderne Chinesisch, dargestellt in der HPSG}},
type = {Dissertation},
url = {http://nbn-resolving.de/urn:nbn:de:bsz:352-opus-1917},
year = {1997},
urldate = {2020-07-06}
}

@phdthesis{Gao2000,
author = {Gao, Qian},
school = {The Ohio State University},
title = {{Argument structure, HPSG, and Chinese grammar}},
type = {Dissertation},
year = {2000},
url = {http://rave.ohiolink.edu/etdc/view?acc_num=osu1391590058},
urldate = {2020-07-06}
}

@phdthesis{Lipenkova2014,
author = {Lipenkova, Janna},
school = {Freie Universit{\"{a}}t Berlin},
title = {{The syntax-semantics interface in the Chinese ba-construction}},
type = {Dissertation},
url = {http://dx.doi.org/10.17169/refubium-5827},
year = {2014},
urldate = {2020-07-13}
}

@inproceedings{ZhangWangChen2012,
address = {Istanbul},
author = {Zhang, Yi and Wang, Rui and Chen, Yu},
booktitle = {{Proceedings of the 8th International Conference on Language Resources and Evaluation (LREC 2012)}},
editor = {Calzolari, Nicoletta and Choukri, Khalid and Declerck, Thierry and Doğan, Mehmet Uğur and Maegaard, Bente and Mariani, Joseph and Moreno, Asuncion and Odijk, Jan and Piperidis, Stelios},
isbn = {978-2-9517408-7-7},
keywords = {Grammar Engineering,Syntax,Treebank Annotation},
pages = {1868--1873},
publisher = {European Language Resources Association (ELRA)},
title = {{Joint grammar and treebank development for Mandarin Chinese with HPSG}},
url = {http://www.lrec-conf.org/proceedings/lrec2012/index.html},
year = {2012},
urldate = {2021-06-19}
}

@inproceedings{ZhangWangChen2011,
address = {Chiang Mai},
author = {Zhang, Yi and Wang, Rui and Chen, Yu},
booktitle = {{Proceedings of the 9th Workshop on Asian Language Resources}},
editor = {Roxas, Rachel Edita O. and Hussain, Sarmad and Choi, Key-Sun},
pages = {18--22},
publisher = {Asian Federation of Natural Language Processing},
title = {{Engineering a Deep HPSG for Mandarin Chinese}},
url = {https://www.aclweb.org/anthology/W11-3404},
year = {2011},
urldate = {2021-06-19}
}


@article{Copestakeetal2005,
    ids = {CFPS2005a},
    author = {Copestake, Ann and Dan Flickinger and Carl Pollard and Ivan A. Sag},
    doi = {10.1007/s11168-006-6327-9},
    journal = {Research on Language and Computation},
    number = {2--3},
    pages = {281--332},
    title = {{Minimal Recursion Semantics}: {An} Introduction},
    volume = {3},
    year = {2005}
}

@article{MuellerCoreGram,
    author = {M{\"u}ller, Stefan},
    doi = {10.15398/jlm.v3i1.91},
    journal = {Journal of Language Modelling},
    number = {1},
    pages = {21--86},
    title = {The {CoreGram} Project: {Theoretical} Linguistics, Theory Development and Verification},
    volume = {3},
    year = {2015}
}

@inproceedings{MeurersEtAl2002,
    ids = {MPR2002a-u},
    author = {Meurers, W. Detmar and Penn, Gerald and Richter, Frank},
    crossref = {Radev:Brew:2002a-ed},
    doi = {10.3115/1118108.1118111},
    pages = {19--26},
    sortname = {Walt Detmar Meurers and Penn, Gerald and Richter, Frank},
    title = {A Web-based Instructional Platform for Contraint-Based Grammar Formalisms and Parsing},
    year = {2002}
}


@proceedings{Radev:Brew:2002a-ed,
    address = {Ann Arbor, MI},
    annote = {Proceedings of the Workshop held at {40th Annual Meeting of the Association for Computational Linguistics. 7.--12. July 2002. Philadelphia, PA}},
    booktitle = {Effective Tools and Methodologies for Teaching {NLP} and {CL}: {Proceedings} of the Workshop held at {40th Annual Meeting of the Association for Computational Linguistics. Philadelphia, PA}},
    editor = {Dragomir Radev and Chris Brew},
    optaddress = {New Brunswick, NJ},
    publisher = {Association for Computational Linguistics},
    title = {Effective Tools and Methodologies for Teaching {NLP} and {CL}: {Proceedings} of the Workshop held at {40th Annual Meeting of the Association for Computational Linguistics. Philadelphia, PA}},
    year = {2002}
}


@inproceedings{Penn2004,
    ids = {Penn2004a-u},
    author = {Penn, Gerald},
    crossref = {acl2004},
    doi = {10.3115/1218955.1218986},
    pages = {239--246},
    title = {Balancing Clarity and Efficiency in Typed Feature Logic Through Delaying}}

@proceedings{acl2004,
    address = {Barcelona},
    booktitle = {Proceedings of the {42nd Meeting of the Association for Computational Linguistics (ACL'04)}},
    editor = {Donia Scott},
    publisher = {Association for Computational Linguistics},
    title = {Proceedings of the {42nd Meeting of the Association for Computational Linguistics (ACL'04)}},
    year = {2004}}


@book{PollardSag1994,
    address = {Chicago, IL},
    author = {Carl Pollard and Ivan A. Sag},
    number = {4},
    publisher = {University of Chicago Press},
    series = {Studies in Contemporary Linguistics},
    title = {{Head-Driven Phrase Structure Grammar}},
    year = {1994},
}


@inproceedings{LuMueller2021,
    address = {Frankfurt/Main},
    title = {Verbal reduplication in {Mandarin} {Chinese}: {An} {HPSG} account},
    shorttitle = {Verbal reduplication in {Mandarin} {Chinese}},
    doi = {10.21248/hpsg.2021.5},
    language = {en},
    booktitle = {Proceedings of the 28th {International} {Conference} on {Head}-{Driven} {Phrase} {Structure} {Grammar}},
    author = {Lu, Yanru and Müller, Stefan},
    editor = {Müller, Stefan and Nurit, Melnik},
    year = {2021},
    pages = {83--103},
    publisher = {University library},
}


@article{Sag1997,
    author = {Ivan A. Sag},
    doi = {10.1017/S002222679700652X},
    journal = {Journal of Linguistics},
    number = {2},
    pages = {431--483},
    title = {English Relative Clause Constructions},
    volume = {33},
    year = {1997},
    }
    
    @book{Mueller2002,
        author      =	{Stefan M{\"u}ller},
        title	      =	{Complex Predicates: {Verbal} Complexes, Resultative Constructions, and Particle Verbs
        in {German}},
        series      =	{Studies in Constraint-Based Lexicalism},
        number      = {13},
        publisher   =	{CSLI Publications},
        address     =	{Stanford, CA},
        year	      =	2002
    }
    
    
    @article{Tham2013,
        title = {Change of state verbs and result state adjectives in {Mandarin} {Chinese}},
        volume = {49},
        issn = {0022-2267, 1469-7742},
        doi = {10.1017/S0022226713000261},
        number = {3},
        journal = {Journal of Linguistics},
        author = {Tham, Shiao Wei},
        year = {2013},
        pages = {647--701},
    }
    
    
    @article{PeckEtAl2013,
        title = {Aspectual classification of {Mandarin} {Chinese} verbs: {A} perspective of scale structure},
        volume = {14},
        url = {https://hdl.handle.net/10356/79599},
        number = {4},
        urldate = {2021-10-20},
        journal = {Language and Linguistics},
        author = {Peck, Jeeyoung and Lin, Jingxia and Sun, Chaofen},
        year = {2013},
        pages = {663--700},
    }
    
    @book{Ding2010,
        author = {Ding, Yongshou},
        title = {Duiwai hanzu jiaoxue cankao [{A} complete guide to teaching {Chinese} as a second language]},
        address = {Beijing},
        publisher = {Beijing Language and Culture University Press},
        year = {2010},
    }
    
    
    @article{BCC,
        title = {{Dashuju beijing xia BCC yuliaoku de yanzhi} [{The} construction of the {BCC} {Corpus} in the age of {Big} {Data}]},
        volume = {3},
        url = {http://bcc.blcu.edu.cn/},
        number = {1},
        journal = {Yuliaoku Yuyanxue [Corpus Linguistics]},
        author = {Xun, Endong and Rao, Gaoqi and Xiao, Xiaoyue and Zhang, Jiaojiao},
        year = {2016},
        pages = {93--109},
    }
    
    
    @article{Wang2023,
        title = {A syntactic derivation of the reduplication patterns and their interpretation in {Mandarin}},
        volume = {41},
        issn = {1573-0859},
        doi = {10.1007/s11049-022-09549-y},
        number = {2},
        journal = {Natural Language \& Linguistic Theory},
        author = {Wang, Chen},
        year = {2023},
        pages = {847--877},
    }
    
    
    @phdthesis{Deng2013,
        address = {Madison, WI},
        type = {{PhD} thesis},
        title = {The syntax and semantics of event quantifiers in {Mandarin} {Chinese}},
        url = {https://asset.library.wisc.edu/1711.dl/LNJN2QOOHNOSC87/R/file-7db2d.pdf},
        urldate = {2024-03-27},
        school = {University of Wisconsin-Madison},
        author = {Deng, Dun},
        year = {2013},
    }
    
    